<record><leader>00000cas a22000007a 4500</leader><controlfield tag="001">36067709</controlfield><controlfield tag="008">961211d19141918okuwr n       0    0eng d</controlfield><datafield ind1=" " ind2=" " tag="010"><subfield code="a">sn 96093272 </subfield></datafield><datafield ind1=" " ind2=" " tag="040"><subfield code="a">OBN</subfield><subfield code="b">eng</subfield><subfield code="c">OBN</subfield><subfield code="d">OCLCQ</subfield><subfield code="d">OCLCF</subfield><subfield code="d">OCLCO</subfield></datafield><datafield ind1="1" ind2=" " tag="029"><subfield code="a">AU@</subfield><subfield code="b">000012971944</subfield></datafield><datafield ind1=" " ind2=" " tag="042"><subfield code="a">msc</subfield></datafield><datafield ind1="0" ind2=" " tag="130"><subfield code="a">Oriental progress (Blair, Okla. : 1914)</subfield></datafield><datafield ind1="0" ind2="4" tag="245"><subfield code="a">The Oriental progress.</subfield></datafield><datafield ind1=" " ind2=" " tag="260"><subfield code="a">Blair, Jackson County, Okla. :</subfield><subfield code="b">Progress Pub. Co.</subfield></datafield><datafield ind1=" " ind2=" " tag="300"><subfield code="a">v.</subfield></datafield><datafield ind1=" " ind2=" " tag="310"><subfield code="a">Weekly</subfield></datafield><datafield ind1="0" ind2=" " tag="362"><subfield code="a">Vol. 11, no. 21 (Oct. 28, 1914)-v. 14, no. 34 (Jan. 3, 1918).</subfield></datafield><datafield ind1=" " ind2=" " tag="500"><subfield code="a">"Successor to The Blair Progress.</subfield></datafield><datafield ind1=" " ind2="0" tag="651"><subfield code="a">Blair (Okla.)</subfield><subfield code="v">Newspapers.</subfield></datafield><datafield ind1=" " ind2="0" tag="651"><subfield code="a">Jackson County (Okla.)</subfield><subfield code="v">Newspapers.</subfield></datafield><datafield ind1=" " ind2="7" tag="655"><subfield code="a">Newspapers.</subfield><subfield code="2">fast</subfield><subfield code="0">(OCoLC)fst01423814</subfield></datafield><datafield ind1=" " ind2="7" tag="651"><subfield code="a">Oklahoma</subfield><subfield code="z">Blair.</subfield><subfield code="2">fast</subfield><subfield code="0">(OCoLC)fst01872331</subfield></datafield><datafield ind1=" " ind2="7" tag="651"><subfield code="a">Oklahoma</subfield><subfield code="z">Jackson County.</subfield><subfield code="2">fast</subfield><subfield code="0">(OCoLC)fst01215604</subfield></datafield><datafield ind1=" " ind2=" " tag="752"><subfield code="a">United States</subfield><subfield code="b">Oklahoma</subfield><subfield code="c">Jackson</subfield><subfield code="d">Blair.</subfield></datafield><datafield ind1="0" ind2="0" tag="780"><subfield code="t">Blair progress (Blair, Okla. : 1907)</subfield><subfield code="w">(DLC)sn 96093271</subfield><subfield code="w">(OCoLC)36067672</subfield></datafield><datafield ind1="0" ind2="0" tag="785"><subfield code="t">Blair progress (Blair, Okla. : 1918)</subfield><subfield code="w">(DLC)sn 96093273</subfield><subfield code="w">(OCoLC)36067748</subfield></datafield></record>